<?xml version="1.0" encoding="UTF-8"?><record xmlns="http://www.loc.gov/MARC21/slim" xmlns:cinclude="http://apache.org/cocoon/include/1.0" xmlns:zs="http://www.loc.gov/zing/srw/">
  <leader>00598cz  a2200181n  4500</leader>
  <controlfield tag="001">n 2003092033</controlfield>
  <controlfield tag="003">DLC</controlfield>
  <controlfield tag="005">20100519075335.0</controlfield>
  <controlfield tag="008">030131n| acannaabn          |n ana      </controlfield>
  <datafield tag="010" ind1=" " ind2=" ">
    <subfield code="a">n 2003092033</subfield>
  </datafield>
  <datafield tag="034" ind1=" " ind2=" ">
    <subfield code="d">E0063200</subfield>
    <subfield code="e">E0063200</subfield>
    <subfield code="f">N0464300</subfield>
    <subfield code="g">N0464300</subfield>
    <subfield code="2">geonet</subfield>
  </datafield>
  <datafield tag="035" ind1=" " ind2=" ">
    <subfield code="a">(OCoLC)oca05963651</subfield>
  </datafield>
  <datafield tag="040" ind1=" " ind2=" ">
    <subfield code="a">DLC</subfield>
    <subfield code="b">eng</subfield>
    <subfield code="c">DLC</subfield>
    <subfield code="d">OCoLC</subfield>
  </datafield>
  <datafield tag="043" ind1=" " ind2=" ">
    <subfield code="a">e-sz---</subfield>
  </datafield>
  <datafield tag="151" ind1=" " ind2=" ">
    <subfield code="a">Orbe (Switzerland)</subfield>
  </datafield>
  <datafield tag="670" ind1=" " ind2=" ">
    <subfield code="a">Desponds, L. Fabrique d'Orbe, c2001.</subfield>
  </datafield>
  <datafield tag="670" ind1=" " ind2=" ">
    <subfield code="a">GeoNet, Jan. 31, 2002</subfield>
    <subfield code="b">(Orbe, Switzerland; ppl; also lists stream called Orbe; no variants; 46°43ʹ00ʺN, 006°32ʹ00ʺE)</subfield>
  </datafield>
  <datafield tag="781" ind1=" " ind2="0">
    <subfield code="z">Switzerland</subfield>
    <subfield code="z">Orbe</subfield>
  </datafield>
</record>